<?xml version="1.0" encoding="utf-8"?>
<record xmlns="http://www.loc.gov/MARC21/slim" xmlns:xsi="http://www.w3.org/2001/XMLSchema-instance" xsi:schemaLocation="http://www.loc.gov/MARC21/slim http://www.loc.gov/standards/marcxml/schema/MARC21slim.xsd">
	<leader>     nam a22     Mi 4500</leader>
	<controlfield tag="001">3068220</controlfield>
	<controlfield tag="003">NNC</controlfield>
	<controlfield tag="006">m        d        </controlfield>
	<controlfield tag="007">cr cn |||m|||a</controlfield>
	<controlfield tag="008">190509s193u    ua      o     000 0 ara d</controlfield>
	<datafield ind1=" " ind2=" " tag="040">
		<subfield code="a">ZYU</subfield>
		<subfield code="b">ara</subfield>
		<subfield code="e">rda</subfield>
		<subfield code="c">ZYU</subfield>
	</datafield>
	<datafield ind1="1" ind2=" " tag="100">
		<subfield code="6">880-01</subfield>
		<subfield code="a">Ḥujāwī, Mūsá ibn Aḥmad,</subfield>
		<subfield code="d">-1560.</subfield>
	</datafield>
	<datafield ind1="1" ind2="0" tag="245">
		<subfield code="6">880-02</subfield>
		<subfield code="a">Zād al-mustaqniʻ fī al-fiqh ʻalā madhhab al-Imām Abī ʻAbd-Allāh Aḥmad ibn Ḥanbal /</subfield>
		<subfield code="c">taṣnīf ... Abī-al-Najāʼ Mūsā ibn Aḥmad ibm Mūsā ibn Sālim al-Muqaddasī al-Khujāwī [thumma al-Ṣāliḥī al-Dimashqī] (al-mutawaffā fī ʻām 968 min al-hijrah); ikhtaṣara fīhi kitāb &quot;al-Muqniʻ&quot; alla-hī ṣannafahū ... Muwaffaq-al-Dīn ʻAbd-Allāh ibn Aḥamd ibn Qudāmah (al-mutawaffā fī ʻām 620 min al-hijrah).</subfield>
	</datafield>
	<datafield ind1=" " ind2=" " tag="260">
		<subfield code="6">880-03</subfield>
		<subfield code="a">al-Qāhirah :</subfield>
		<subfield code="b">Maṭbaʻat al-Istiqāmah,</subfield>
		<subfield code="c">[193-?]</subfield>
	</datafield>
	<datafield ind1=" " ind2=" " tag="300">
		<subfield code="a">online resource (216 pages)</subfield>
	</datafield>
	<datafield ind1=" " ind2=" " tag="336">
		<subfield code="a">text</subfield>
		<subfield code="2">rdacontent</subfield>
	</datafield>
	<datafield ind1=" " ind2=" " tag="337">
		<subfield code="a">computer</subfield>
		<subfield code="2">rdamedia</subfield>
	</datafield>
	<datafield ind1=" " ind2=" " tag="338">
		<subfield code="a">online resource</subfield>
		<subfield code="2">rdacarrier</subfield>
	</datafield>
	<datafield ind1=" " ind2=" " tag="500">
		<subfield code="a">Part of the Arabic Collections Online (ACO) project, contributed by Columbia University Libraries.</subfield>
	</datafield>
	<datafield ind1=" " ind2=" " tag="533">
		<subfield code="a">Electronic reproduction.</subfield>
		<subfield code="b">New York, N.Y. :</subfield>
		<subfield code="c">New York University,</subfield>
		<subfield code="d">2019.</subfield>
		<subfield code="5">NNU</subfield>
	</datafield>
	<datafield ind1="2" ind2=" " tag="710">
		<subfield code="a">Columbia University.</subfield>
		<subfield code="b">Libraries.</subfield>
	</datafield>
	<datafield ind1="0" ind2=" " tag="730">
		<subfield code="a">Arabic Collections Online.</subfield>
	</datafield>
	<datafield ind1="0" ind2="8" tag="776">
		<subfield code="i">Print version:</subfield>
		<subfield code="a">Ḥujāwī, Mūsá ibn Aḥmad, -1560.</subfield>
		<subfield code="t">Zād al-mustaqniʻ fī al-fiqh ʻalā madhhab al-Imām Abī ʻAbd-Allāh Aḥmad ibn Ḥanbal</subfield>
		<subfield code="w">(NNC)3068220</subfield>
		<subfield code="w">(OCoLC)47806164</subfield>
	</datafield>
	<datafield ind1="4" ind2="0" tag="856">
		<subfield code="u">http://hdl.handle.net/2333.1/2z34tw0c</subfield>
	</datafield>
	<datafield ind1="1" ind2=" " tag="880">
		<subfield code="6">100-01</subfield>
		<subfield code="a">حجاوي، موسى بن احمد،</subfield>
		<subfield code="d">-1560.</subfield>
	</datafield>
	<datafield ind1="1" ind2="0" tag="880">
		<subfield code="6">245-02</subfield>
		<subfield code="a">زاد المستقنع في الفقه على مذهب الامام ابي عبدالله احمد بن حنبل /</subfield>
		<subfield code="c">تصنيف ... ابي النجا موسى بن احمد ابن موسى بن سالم المقدسي الخجاوي [ثم الصالحي الدمشقي] (المتوفى في عام 968 من الهجره)؛ اختصر فيه كتاب &quot;المقنع&quot; الذي صنفه ... موفق الدين عبدالله بن احمد بن قدامة (المتوفى في عام 620 من الهجره).</subfield>
	</datafield>
	<datafield ind1=" " ind2=" " tag="880">
		<subfield code="6">260-03</subfield>
		<subfield code="a">القاهرة :</subfield>
		<subfield code="b">مطبعة الاستقامة،</subfield>
		<subfield code="c">[193؟]</subfield>
	</datafield>
	<datafield ind1=" " ind2=" " tag="959">
		<subfield code="a">NNU</subfield>
		<subfield code="b">WEB</subfield>
		<subfield code="c">GENI</subfield>
		<subfield code="t">0</subfield>
		<subfield code="m">Electronic access</subfield>
		<subfield code="s">01</subfield>
	</datafield>
	<datafield ind1=" " ind2=" " tag="999">
		<subfield code="i">NNC_3068220</subfield>
		<subfield code="o">(OCoLC)ocm47806164</subfield>
		<subfield code="s">columbia_aco003449</subfield>
		<subfield code="e">(ERROR-880)(ERROR-MISC)</subfield>
		<subfield code="s">columbia_aco003449</subfield>
	</datafield>
</record>
